@electronic{ wikiDrone,
  author = {Wikipedia.org},
  organization = {Wikipedia.org},
  title     = {Parrot AR.Drone},
  url       = {http://en.wikipedia.org/wiki/AR.Drone},
  month     = {april},
  year      = {2012},
}

@TechReport{ ardroneDevGuide,
  author    = {Piskorski, Stephane and Brulez, Nicolas},
  title     = {AR.Drone Developer Guide},
  institution = {Parrot},
  month     = {februar},
  year      = {2011},
}

@book{Krumm09,
 author = {Krumm, John},
 title = {Ubiquitous Computing Fundamentals},
 year = {2009},
 isbn = {1420093606, 9781420093605},
 edition = {1st},
 publisher = {Chapman \& Hall/CRC},
} 

@article{Dey01:ctoolkit,
 author = {Dey, Anind K. and Abowd, Gregory D. and Salber, Daniel},
 title = {A conceptual framework and a toolkit for supporting the rapid prototyping of context-aware applications},
 journal = {Hum.-Comput. Interact.},
 volume = {16},
 issue = {2},
 month = {December},
 year = {2001},
 issn = {0737-0024},
 pages = {97--166},
 numpages = {70},
 url = {http://dx.doi.org/10.1207/S15327051HCI16234_02},
 doi = {http://dx.doi.org/10.1207/S15327051HCI16234_02},
 acmid = {1463110},
 publisher = {L. Erlbaum Associates Inc.},
 address = {Hillsdale, NJ, USA},
} 

@article{Erickson02:kritik,
 author = {Erickson, Thomas},
 title = {Some problems with the notion of context-aware computing},
 journal = {Commun. ACM},
 volume = {45},
 issue = {2},
 month = {February},
 year = {2002},
 issn = {0001-0782},
 pages = {102--104},
 numpages = {3},
 url = {http://doi.acm.org/10.1145/503124.503154},
 doi = {http://doi.acm.org/10.1145/503124.503154},
 acmid = {503154},
 publisher = {ACM},
 address = {New York, NY, USA},
} 

@INPROCEEDINGS{Bardram05:jcaf,
    author = {Jakob E. Bardram},
    title = {The Java Context Awareness Framework (JCAF) - A Service Infrastructure and Programming Framework for Context-Aware Applications},
    booktitle = {in Pervasive Computing. 2005: Munchen},
    year = {2005},
    pages = {98--115}
}

@inbook{apress:android,
	AUTHOR = "Justin Bacon and Lucas Jordan and Pieter Greyling",
	TITLE = "Practical Android Projects",
	chapter = "5--6",
	PUBLISHER = "Apress",
	ADDRESS = "apressadress",
	YEAR = "2011"	}
